@online{2023:NizMei,
  author = {Meir Nizri},
  title = {COVID-19 patient's symptoms, status, and medical history.},
  year = 2023,
  url = {https://www.kaggle.com/datasets/meirnizri/covid19-dataset},
  urldate = {2024-04-13}
}

@online{2015:odm,
  author = {Orange Data Mining},
  title = {Orange data mining},
  year = 2015,
  url = {https://orangedatamining.com/},
  urldate = {2024-04-13}
}

@online{2024:yandex,
  author = {Yandex},
  title = {CatBoost},
  year = 2024,
  url = {https://catboost.ai/},
  urldate = {2024-04-22}
}

@online{2024:ibm-rf,
  author = {ibm},
  title = {What is random forest?},
  year = 2024,
  url = {https://www.ibm.com/topics/random-forest},
  urldate = {2024-04-22}
}

@online{2024:ibm-nn,
  author = {ibm},
  title = {What is a neural network?},
  year = 2024,
  url = {https://www.ibm.com/topics/neural-networks},
  urldate = {2024-04-22}
}

@article{2012:thais,
  author  = {Thais Mayumi, Oshiro and Pedro Santoro, Perez and Jos√© Augusto, Baranauskas},
  title   = {How Many Trees in a Random Forest?},
  journal = {Lecture Notes in Computer Science},
  year    = 2012,
  volume  = "7376"
}

@online{2024:uljubl,
  author = {University of Ljubljana},
  title = {Orange Data Mining},
  year = 2024,
  url = {https://orangedatamining.com},
  urldate = {2024-04-23}
}

@online{2024:skikit,
  author = {scikit-learn},
  title = {SkiKit Learn},
  year = 2024,
  url = {https://scikit-learn.org/},
  urldate = {2024-04-23}
}

@online{2020:brownlee,
  author = {Jason Brownlee},
  title = {How to Perform Feature Selection with Categorical Data},
  year = 2020,
  url = {https://machinelearningmastery.com/feature-selection-with-categorical-data/},
  urldate = {2024-04-24}
}

